{
  "leader": "03747cam a2200493 a 4500",
  "fields": [
    {
      "001": "ocm18441283\\"
    },
    {
      "003": "OCoLC"
    },
    {
      "005": "20220106153148.0"
    },
    {
      "008": "880816s1988\\\\\\\\iduc\\\\\\\\\\b\\\\\\s000\\0\\eng\\\\"
    },
    {
      "010": {
        "ind1": "\\",
        "ind2": "\\",
        "subfields": [
          {
            "a": "   88027653 "
          }
        ]
      }
    },
    {
      "040": {
        "ind1": "\\",
        "ind2": "\\",
        "subfields": [
          {
            "a": "DLC"
          },
          {
            "b": "eng"
          },
          {
            "c": "DLC"
          },
          {
            "d": "THM"
          },
          {
            "d": "BAKER"
          },
          {
            "d": "BTCTA"
          },
          {
            "d": "YDXCP"
          },
          {
            "d": "OCLCG"
          },
          {
            "d": "GEBAY"
          },
          {
            "d": "OCLCQ"
          },
          {
            "d": "BDX"
          },
          {
            "d": "UKMGB"
          },
          {
            "d": "OCLCO"
          },
          {
            "d": "OCLCF"
          },
          {
            "d": "OCLCQ"
          },
          {
            "d": "OCLCO"
          },
          {
            "d": "OCLCQ"
          },
          {
            "d": "OCLCO"
          }
        ]
      }
    },
    {
      "016": {
        "ind1": "7",
        "ind2": "\\",
        "subfields": [
          {
            "a": "009774712"
          },
          {
            "2": "Uk"
          }
        ]
      }
    },
    {
      "020": {
        "ind1": "\\",
        "ind2": "\\",
        "subfields": [
          {
            "a": "0893011118"
          },
          {
            "q": "(alk. paper)"
          }
        ]
      }
    },
    {
      "020": {
        "ind1": "\\",
        "ind2": "\\",
        "subfields": [
          {
            "a": "9780893011116"
          },
          {
            "q": "(alk. paper)"
          }
        ]
      }
    },
    {
      "035": {
        "ind1": "\\",
        "ind2": "\\",
        "subfields": [
          {
            "a": "(OCoLC)18441283"
          }
        ]
      }
    },
    {
      "043": {
        "ind1": "\\",
        "ind2": "\\",
        "subfields": [
          {
            "a": "n-us---"
          }
        ]
      }
    },
    {
      "050": {
        "ind1": "0",
        "ind2": "0",
        "subfields": [
          {
            "a": "S942"
          },
          {
            "b": ".C58 1988"
          }
        ]
      }
    },
    {
      "070": {
        "ind1": "0",
        "ind2": "\\",
        "subfields": [
          {
            "a": "S942.C66"
          }
        ]
      }
    },
    {
      "072": {
        "ind1": "\\",
        "ind2": "7",
        "subfields": [
          {
            "a": "P000"
          }
        ]
      }
    },
    {
      "082": {
        "ind1": "0",
        "ind2": "0",
        "subfields": [
          {
            "a": "333.72"
          },
          {
            "b": "CON"
          }
        ]
      }
    },
    {
      "245": {
        "ind1": "0",
        "ind2": "0",
        "subfields": [
          {
            "a": "Conservators of hope :"
          },
          {
            "b": "the Horace M. Albright conservation lectures /"
          },
          {
            "c": "foreword by Michael Frome ; preface by Horace M. Albright ; introduction by Dennis E. Teeguarden."
          }
        ]
      }
    },
    {
      "260": {
        "ind1": "\\",
        "ind2": "\\",
        "subfields": [
          {
            "a": "Moscow, Idaho :"
          },
          {
            "b": "University of Idaho Press,"
          },
          {
            "c": "\u00a91988."
          }
        ]
      }
    },
    {
      "300": {
        "ind1": "\\",
        "ind2": "\\",
        "subfields": [
          {
            "a": "xxii, 568 pages :"
          },
          {
            "b": "portrait ;"
          },
          {
            "c": "24 cm"
          }
        ]
      }
    },
    {
      "336": {
        "ind1": "\\",
        "ind2": "\\",
        "subfields": [
          {
            "a": "text"
          },
          {
            "b": "txt"
          },
          {
            "2": "rdacontent"
          }
        ]
      }
    },
    {
      "337": {
        "ind1": "\\",
        "ind2": "\\",
        "subfields": [
          {
            "a": "unmediated"
          },
          {
            "b": "n"
          },
          {
            "2": "rdamedia"
          }
        ]
      }
    },
    {
      "338": {
        "ind1": "\\",
        "ind2": "\\",
        "subfields": [
          {
            "a": "volume"
          },
          {
            "b": "nc"
          },
          {
            "2": "rdacarrier"
          }
        ]
      }
    },
    {
      "504": {
        "ind1": "\\",
        "ind2": "\\",
        "subfields": [
          {
            "a": "Includes bibliographical references."
          }
        ]
      }
    },
    {
      "505": {
        "ind1": "0",
        "ind2": "0",
        "subfields": [
          {
            "t": "Appreciation of the man /"
          },
          {
            "r": "Michael Frome --"
          },
          {
            "t": "Great American conservationists /"
          },
          {
            "r": "Horace M. Albright --"
          },
          {
            "t": "Human environment /"
          },
          {
            "r": "Marston Bates --"
          },
          {
            "t": "Conservation challenge of the sixties /"
          },
          {
            "r": "Stewart L. Udall --"
          },
          {
            "t": "Conservation and the next renaissance /"
          },
          {
            "r": "E. Max Nicholson --"
          },
          {
            "t": "Patterns for action: water and recreation resources /"
          },
          {
            "r": "Harold Gridley Wilm --"
          },
          {
            "t": "Wilderness management /"
          },
          {
            "r": "Stephen H. Spurr --"
          },
          {
            "t": "Role of foundations and universities in conservation /"
          },
          {
            "r": "Russell E. Train --"
          },
          {
            "t": "Wilderness-concept, function, and management /"
          },
          {
            "r": "Ian McTaggart Cowan --"
          },
          {
            "t": "Genius of the place /"
          },
          {
            "r": "Rene Jules Dubos --"
          },
          {
            "t": "Conservation as research, policy, and action /"
          },
          {
            "r": "Joseph L. Fisher --"
          },
          {
            "t": "Geologic base line for conservation philosophy /"
          },
          {
            "r": "William T. Pecora --"
          },
          {
            "t": "Ecology and social action /"
          },
          {
            "r": "Barry Commoner --"
          },
          {
            "t": "Global role of national parks for the world of tomorrow /"
          },
          {
            "r": "Kai Curry-Lindahl --"
          },
          {
            "t": "Role of the artist in conservation /"
          },
          {
            "r": "Ansel Adams --"
          },
          {
            "t": "Threatened world of nature /"
          },
          {
            "r": "Raymond F. Dasmann --"
          },
          {
            "t": "Recreation policy on the federal lands /"
          },
          {
            "r": "Joseph L. Sax --"
          },
          {
            "t": "Land utilization in developing economies /"
          },
          {
            "r": "Kenneth F. King --"
          },
          {
            "t": "Conservation challenge of the 80s /"
          },
          {
            "r": "Robert Cahn --"
          },
          {
            "t": "Outlook for national forests /"
          },
          {
            "r": "John R. McGuire --"
          },
          {
            "t": "Wildlife: the real test of environmental quality /"
          },
          {
            "r": "Thomas L. Kimball --"
          },
          {
            "t": "Conservation and national security /"
          },
          {
            "r": "David Brower --"
          },
          {
            "t": "Thinking globally, acting locally: the politics and ethics of the solar age /"
          },
          {
            "r": "Hazel Henderson --"
          },
          {
            "t": "Twentieth anniversary of the wilderness act: still in pursuit of the promised land /"
          },
          {
            "r": "Michael Frome --"
          },
          {
            "t": "Pollutants in the air and acids in the rain: influences on our natural environment and a challenge for every industrial society /"
          },
          {
            "r": "Ellis B. Cowling."
          }
        ]
      }
    },
    {
      "650": {
        "ind1": "\\",
        "ind2": "0",
        "subfields": [
          {
            "a": "Conservation of natural resources."
          }
        ]
      }
    },
    {
      "650": {
        "ind1": "\\",
        "ind2": "0",
        "subfields": [
          {
            "a": "Conservation of natural resources"
          },
          {
            "z": "United States."
          }
        ]
      }
    },
    {
      "650": {
        "ind1": "\\",
        "ind2": "0",
        "subfields": [
          {
            "a": "Natural resources"
          },
          {
            "x": "Management."
          }
        ]
      }
    },
    {
      "650": {
        "ind1": "\\",
        "ind2": "0",
        "subfields": [
          {
            "a": "Natural resources"
          },
          {
            "z": "United States"
          },
          {
            "x": "Management."
          }
        ]
      }
    },
    {
      "650": {
        "ind1": "\\",
        "ind2": "0",
        "subfields": [
          {
            "a": "Environmental protection."
          }
        ]
      }
    },
    {
      "650": {
        "ind1": "\\",
        "ind2": "0",
        "subfields": [
          {
            "a": "Environmental protection"
          },
          {
            "z": "United States."
          }
        ]
      }
    },
    {
      "650": {
        "ind1": "\\",
        "ind2": "7",
        "subfields": [
          {
            "a": "Conservation of natural resources."
          },
          {
            "2": "fast"
          },
          {
            "0": "(OCoLC)fst00875502"
          }
        ]
      }
    },
    {
      "650": {
        "ind1": "\\",
        "ind2": "7",
        "subfields": [
          {
            "a": "Environmental protection."
          },
          {
            "2": "fast"
          },
          {
            "0": "(OCoLC)fst00913324"
          }
        ]
      }
    },
    {
      "650": {
        "ind1": "\\",
        "ind2": "7",
        "subfields": [
          {
            "a": "Natural resources"
          },
          {
            "x": "Management."
          },
          {
            "2": "fast"
          },
          {
            "0": "(OCoLC)fst01034438"
          }
        ]
      }
    },
    {
      "651": {
        "ind1": "\\",
        "ind2": "7",
        "subfields": [
          {
            "a": "United States."
          },
          {
            "2": "fast"
          },
          {
            "0": "(OCoLC)fst01204155"
          }
        ]
      }
    },
    {
      "700": {
        "ind1": "1",
        "ind2": "\\",
        "subfields": [
          {
            "a": "Albright, Horace M."
          },
          {
            "q": "(Horace Marden),"
          },
          {
            "d": "1890-1987."
          }
        ]
      }
    },
    {
      "776": {
        "ind1": "0",
        "ind2": "8",
        "subfields": [
          {
            "i": "Online version:"
          },
          {
            "t": "Conservators of hope."
          },
          {
            "d": "Moscow, Idaho : University of Idaho Press, \u00a91988"
          },
          {
            "w": "(OCoLC)645875444"
          }
        ]
      }
    },
    {
      "856": {
        "ind1": "4",
        "ind2": "1",
        "subfields": [
          {
            "3": "Table of contents"
          },
          {
            "u": "http://catdir.loc.gov/catdir/toc/fy0713/88027653.html"
          }
        ]
      }
    },
    {
      "994": {
        "ind1": "\\",
        "ind2": "\\",
        "subfields": [
          {
            "a": "Z0"
          },
          {
            "b": "NYRVC"
          }
        ]
      }
    },
    {
      "948": {
        "ind1": "\\",
        "ind2": "\\",
        "subfields": [
          {
            "h": "NO HOLDINGS IN NYRVC - 159 OTHER HOLDINGS"
          }
        ]
      }
    },
    {
      "999": {
        "ind1": "\\",
        "ind2": "\\",
        "subfields": [
          {
            "a": "00000000015580"
          }
        ]
      }
    }
  ]
}